@Book{Tietze2019,
  author    = {Tietze, Ulrich and Schenk, Christoph and Gamm, Eberhard},
  title     = {Halbleiter-Schaltungstechnik},
  year      = {2019},
  publisher = {Springer-Verlag GmbH},
  isbn      = {3662485532},
  ean       = {9783662485538},
}