@book{Hamacher,
  title={Computer Organization and Embedded Systems},
  author={Hamacher, C. and Vranesic, Z. and Zaky, S. and Manjikian, N.},
  isbn={9780077418809},
  year={2011},
  publisher={McGraw-Hill Publishing},
  edition = {6th Edition}
}


@book{HP,
author = {Hennessy, John L. and Patterson, David A.},
title = {Computer Architecture, Sixth Edition: A Quantitative Approach},
year = {2017},
isbn = {0128119055},
publisher = {Morgan Kaufmann Publishers Inc.},
edition = {6th Edition}
}

@book{schoeberl,
   title = {Digital Design with Chisel},
   publisher = {Kindle Direct Publishing},
   year = {2019},
   author = {Martin Schoeberl},
   url = {https://github.com/schoeberl/chisel-book}
} 