@Book{Tietze2019,
  author    = {Tietze, Ulrich and Schenk, Christoph and Gamm, Eberhard},
  title     = {Halbleiter-Schaltungstechnik},
  year      = {2019},
  publisher = {Springer-Verlag GmbH},
  isbn      = {3662485532},
  ean       = {9783662485538},
}

@article{IEEEexample:article_typical,
author= "S. Zhang and C. Zhu and J. K. O. Sin and P. K. T. Mok",
title="A Novel Ultrathin Elevated Channel Low-temperature Poly-{Si} {TFT}",
journal = IEEE_J_EDL,
volume= "20",
month= nov,
year= "1999",
pages= "569-571"
}